[gd_scene load_steps=9 format=2]

[ext_resource path="res://entities/actors/ActorBase.tscn" type="PackedScene" id=1]
[ext_resource path="res://entities/actors/player/PlayerSprite.tscn" type="PackedScene" id=2]
[ext_resource path="res://índice.jpeg" type="Texture" id=3]
[ext_resource path="res://entities/components/playable/playable.tscn" type="PackedScene" id=4]
[ext_resource path="res://controls/KeyboardControl.tscn" type="PackedScene" id=5]
[ext_resource path="res://entities/components/jumper/Jumper.tscn" type="PackedScene" id=6]
[ext_resource path="res://entities/components/collector/Collector.tscn" type="PackedScene" id=7]

[sub_resource type="RectangleShape2D" id=1]

custom_solver_bias = 0.0
extents = Vector2( 10.0067, 16 )

[node name="PlayerBase" groups=[
"Player",
] instance=ExtResource( 1 )]

collision_layer = 2
collision_mask = 249

[node name="Sprite" parent="." index="0" instance=ExtResource( 2 )]

position = Vector2( -0.495752, -0.275604 )
scale = Vector2( 0.11621, 0.131559 )
texture = ExtResource( 3 )
_sections_unfolded = [ "Transform" ]

[node name="Collision" type="CollisionShape2D" parent="." index="1"]

shape = SubResource( 1 )

[node name="Playable" parent="." index="2" instance=ExtResource( 4 )]

[node name="Control" parent="." index="3" instance=ExtResource( 5 )]

action_direction = Vector2( 0, 0 )
action_jump = false
action_umbrella = false

[node name="Jumper" parent="." index="4" instance=ExtResource( 6 )]

[node name="Destroyable" parent="." index="7"]

hit_points = 5

[node name="Collector" parent="." index="8" instance=ExtResource( 7 )]

[connection signal="destroyed" from="Destroyable" to="." method="_kill"]

[connection signal="destroyed" from="Destroyable" to="Playable" method="_die"]


